%Transformational specificaiton of memory models
@inproceedings{Lahav2,
  author    = {Ori Lahav and
               Viktor Vafeiadis},
  title     = {Explaining Relaxed Memory Models with Program Transformations},
  booktitle = {{FM} 2016: Formal Methods - 21st International Symposium, Limassol,
               Cyprus, November 9-11, 2016, Proceedings},
  year      = {2016},
  url       = {https://doi.org/10.1007/978-3-319-48989-6\_29},
}

@inproceedings{10.1145/3314221.3314609,
author = {Kokologiannakis, Michalis and Raad, Azalea and Vafeiadis, Viktor},
title = {Model Checking for Weakly Consistent Libraries},
year = {2019},
booktitle = {Proceedings of the 40th ACM SIGPLAN Conference on Programming Language Design and Implementation},
series = {PLDI 2019}
}

@article{Batty,
  author          = {Mark Batty},
  title           = {Compositional Relaxed Concurrency},
  journal         = {Philosophical Transactions of the Royal
Society A: Mathematical, Physical and Engineering Sciences (2104)},
  volume          = {},
  number          = {375},
  year            = {2017}
}

%RC11
@inproceedings{Lahav,
  author    = {Ori Lahav and
               Viktor Vafeiadis and
               Jeehoon Kang and
               Chung{-}Kil Hur and
               Derek Dreyer},
  title     = {Repairing sequential consistency in {C/C++11}},
  booktitle = {Proceedings of the 38th {ACM} {SIGPLAN} Conference on Programming
               Language Design and Implementation, {PLDI} 2017, Barcelona, Spain,
               June 18-23, 2017},
  year      = {2017},
}

%x86-TSO
@inproceedings{OwensS,
  author    = {Scott Owens and
               Susmit Sarkar and
               Peter Sewell},
  title     = {A Better x86 Memory Model: x86-TSO},
  booktitle = {Theorem Proving in Higher Order Logics, 22nd International Conference,
               TPHOLs 2009, Munich, Germany, August 17-20, 2009. Proceedings},
  year      = {2009},
}

%Mathemat C11 
@inproceedings{BattyM,
   author    = {Mark Batty and
               Scott Owens and
               Susmit Sarkar and
               Peter Sewell and
               Tjark Weber},
  title     = {Mathematizing {C++} concurrency},
  booktitle = {Proceedings of the 38th {ACM} {SIGPLAN-SIGACT} Symposium on Principles
               of Programming Languages, {POPL} 2011, Austin, TX, USA, January 26-28,
               2011},
  year      = {2011},
}

%C11 Prog Trans
@inproceedings{VafeiadisV,
  author    = {Viktor Vafeiadis and
               Thibaut Balabonski and
               Soham Chakraborty and
               Robin Morisset and
               Francesco Zappa Nardelli},
  title     = {Common Compiler Optimisations are Invalid in the {C11} Memory Model
               and what we can do about it},
  booktitle = {Proceedings of the 42nd Annual {ACM} {SIGPLAN-SIGACT} Symposium on
               Principles of Programming Languages, {POPL} 2015, Mumbai, India, January
               15-17, 2015},
  year      = {2015},
}

%Mansen Java 
@inproceedings{JeremyM,
  author    = {Jeremy Manson},
  title     = {The design and verification of Java's memory model},
  booktitle = {Companion of the 17th annual {ACM} {SIGPLAN} conference on Object-oriented
               programming, systems, languages, and applications, {OOPSLA} 2002,
               Seattle, Washington, USA, November 4-8, 2002},
  year      = {2002},
}

%Bender Java
@article{BenderJ,
  author    = {John Bender and
               Jens Palsberg},
  title     = {A formalization of Java's concurrent access modes},
  number    = {{OOPSLA}},
  year      = {2019},
}

%JS Memory Model
@inproceedings{WattC,
   author    = {Conrad Watt and
               Christopher Pulte and
               Anton Podkopaev and
               Guillaume Barbier and
               Stephen Dolan and
               Shaked Flur and
               Jean Pichon{-}Pharabod and
               Shu{-}yu Guo},
  title     = {Repairing and mechanising the JavaScript relaxed memory model},
  booktitle = {Proceedings of the 41st {ACM} {SIGPLAN} International Conference on
               Programming Language Design and Implementation, {PLDI} 2020, London,
               UK, June 15-20, 2020},
  year      = {2020},
}

%There is nothing wrong with out of thin air
@inproceedings{Verbrugge,
  author    = {Clark Verbrugge and
               Allan Kielstra and
               Yi Zhang},
  title     = {There is nothing wrong with out-of-thin-air: compiler optimization
               and memory models},
  booktitle = {Proceedings of the 2011 {ACM} {SIGPLAN} workshop on Memory Systems
               Performance and Correctness: held in conjunction with {PLDI} '11,
               San Jose, CA, USA, June 5, 2011},
  year      = {2011},
}

%Javascript memory model program transformations
@article{Akshay,
  author          = {Akshay Gopalakrishnan and 
                      Clark Verbrugge},
  title           = {Reordering under the ECMAScript Memory Consistency Model},
  journal         = {Workshop on Languages and Compilers for Parallel Computing (LCPC)},
  volume          = {(In Press)},
  number          = {},
  year            = {2020}
}

%SC Lamport
@article{Lamport79,
  author    = {Leslie Lamport},
  title     = {How to Make a Multiprocessor Computer That Correctly Executes Multiprocess
               Programs},
  journal   = {{IEEE} Trans. Computers},
  year      = {1979},
}